@inproceedings{mintz,
  title={Distant supervision for relation extraction without labeled data},
  author={Mintz, Mike and Bills, Steven and Snow, Rion and Jurafsky, Dan},
  booktitle={Proceedings of the Joint Conference of the 47th Annual Meeting of the ACL and the 4th International Joint Conference on Natural Language Processing of the AFNLP: Volume 2-Volume 2},
  pages={1003--1011},
  year={2009},
  organization={Association for Computational Linguistics}
}
@incollection{riedel,
  title={Modeling relations and their mentions without labeled text},
  author={Riedel, Sebastian and Yao, Limin and McCallum, Andrew},
  booktitle={Machine Learning and Knowledge Discovery in Databases},
  pages={148--163},
  year={2010},
  publisher={Springer}
}
@inproceedings{hoffmann,
  title={Knowledge-Based Weak Supervision for Information Extraction of Overlapping Relations.},
  author={Hoffmann, Raphael and Zhang, Congle and Ling, Xiao and Zettlemoyer, Luke S and Weld, Daniel S},
  booktitle={ACL},
  pages={541--550},
  year={2011}
}
@inproceedings{surdeanu, 
  title={Multi-instance multi-label learning for relation extraction},
  author={Surdeanu, Mihai and Tibshirani, Julie and Nallapati, Ramesh and Manning, Christopher D},
  booktitle={Proceedings of the 2012 Joint Conference on Empirical Methods in Natural Language Processing and Computational Natural Language Learning},
  pages={455--465},
  year={2012},
  organization={Association for Computational Linguistics}
}
@inproceedings{4layers,
  title={Distant Supervision for Relation Extraction with an Incomplete Knowledge Base},
  author={Min, Bonan and Grishman, Ralph and Wan, Li and Wang, Chang and Gondek, David},
  booktitle={Proceedings of NAACL-HLT},
  pages={777--782},
  year={2013}
}





@article{passageretrieval,
  title={Filling Knowledge Base Gaps for Distant Supervision of Relation Extraction},
  author={Xu Wei and Le Zhao, Raphael Hoffmann and Grishman, Ralph}
}

@article{cdq,
  title={Learning New Facts From Knowledge Bases With Neural Tensor Networks and Semantic Word Vectors},
  author={Chen, Danqi and Socher, Richard and Manning, Christopher D and Ng, Andrew Y},
  journal={arXiv preprint arXiv:1301.3618},
  year={2013}
}

@article{embedding,
  title={Connecting Language and Knowledge Bases with Embedding Models for Relation Extraction},
  author={Weston, Jason and Bordes, Antoine and Yakhnenko, Oksana and Usunier, Nicolas},
  journal={arXiv preprint arXiv:1307.7973},
  year={2013}
}

@article{kbp12nyu,
  title={New York University 2012 System for KBP Slot Filling},
  author={Grishman, Bonan Min Xiang Li Ralph and Sun, Ang}
}

@inproceedings{yaolda,
  title={Structured relation discovery using generative models},
  author={Yao, Limin and Haghighi, Aria and Riedel, Sebastian and McCallum, Andrew},
  booktitle={Proceedings of the Conference on Empirical Methods in Natural Language Processing},
  pages={1456--1466},
  year={2011},
  organization={Association for Computational Linguistics}
}

@inproceedings{takagenerative,
  title={Reducing wrong labels in distant supervision for relation extraction},
  author={Takamatsu, Shingo and Sato, Issei and Nakagawa, Hiroshi},
  booktitle={Proceedings of the 50th Annual Meeting of the Association for Computational Linguistics: Long Papers-Volume 1},
  pages={721--729},
  year={2012},
  organization={Association for Computational Linguistics}
}

@inproceedings{112nertag,
  title={Fine-Grained Entity Recognition.},
  author={Ling, Xiao and Weld, Daniel S},
  booktitle={AAAI},
  year={2012}
}

@inproceedings{learn5000,
  title={Learning 5000 relational extractors},
  author={Hoffmann, Raphael and Zhang, Congle and Weld, Daniel S},
  booktitle={Proceedings of the 48th Annual Meeting of the Association for Computational Linguistics},
  pages={286--295},
  year={2010},
  organization={Association for Computational Linguistics}
}

@inproceedings{overviewkbp10,
  title={Overview of the TAC 2010 knowledge base population track},
  author={Ji, Heng and Grishman, Ralph and Dang, Hoa Trang and Griffitt, Kira and Ellis, Joe},
  booktitle={Third Text Analysis Conference (TAC 2010)},
  year={2010}
}

@article{xingxing,
  title={Towards Accurate Distant Supervision for Relational Facts Extraction},
  author={Zhang, Xingxing Zhang1 Jianwen and Chen, Junyu Zeng3 Jun Yan2 Zheng and Sui, Zhifang}
}

@inproceedings{cunykbp10,
  title={CUNY BLENDER TACKBP2011 Temporal Slot Filling System Description},
  author={Artiles, Javier and Li, Qi and Cassidy, Taylor and Tamang, Suzanne and Ji, Heng},
  booktitle={Proceedings of Text Analysis Conference (TAC)},
  year={2011}
}

@inproceedings{topicmodel,
  title={Pattern learning for relation extraction with a hierarchical topic model},
  author={Alfonseca, Enrique and Filippova, Katja and Delort, Jean-Yves and Garrido, Guillermo},
  booktitle={Proceedings of the 50th Annual Meeting of the Association for Computational Linguistics: Short Papers-Volume 2},
  pages={54--59},
  year={2012},
  organization={Association for Computational Linguistics}
}

